<?xml version="1.0" encoding="UTF-8"?><collection xmlns="http://www.loc.gov/MARC21/slim"><record><leader>00535nam--2200181-i-4500</leader><controlfield tag="001">000048666</controlfield><controlfield tag="002">20161230</controlfield><controlfield tag="005">20161230201047</controlfield><controlfield tag="008">060222s1000------------r-----000-0-fre-d</controlfield><datafield ind1=" " ind2=" " tag="040"><subfield code="a">IFIN-HH</subfield></datafield><datafield ind1=" " ind2=" " tag="041"><subfield code="a">fre</subfield></datafield><datafield ind1=" " ind2=" " tag="080"><subfield code="a">543.53</subfield></datafield><datafield ind1="1" ind2=" " tag="100"><subfield code="a">Engelmann, Charles</subfield></datafield><datafield ind1="1" ind2="0" tag="245"><subfield code="a">Contribution a l'etude de l'analyse par activation au moyen des particules chargees et des photons gamma</subfield><subfield code="b">These</subfield><subfield code="c">Charles engelmann</subfield></datafield><datafield ind1=" " ind2=" " tag="260"><subfield code="a">Paris</subfield><subfield code="b">Universite</subfield><subfield code="c">1970</subfield></datafield><datafield ind1=" " ind2=" " tag="300"><subfield code="a">150P.+ANNEXES</subfield></datafield><datafield ind1=" " ind2=" " tag="852"><subfield code="a">35897</subfield><subfield code="c">543.5</subfield></datafield><datafield ind1=" " ind2=" " tag="CAT"><subfield code="a">Sys</subfield><subfield code="c">20121206</subfield><subfield code="h">105027</subfield></datafield></record></collection>